@article {solymosi,
    AUTHOR = {Solymosi, J{\'o}zsef},
     TITLE = {Bounding multiplicative energy by the sumset},
   JOURNAL = {Adv. Math.},
  FJOURNAL = {Advances in Mathematics},
    VOLUME = {222},
      YEAR = {2009},
    NUMBER = {2},
     PAGES = {402--408},
      ISSN = {0001-8708},
     CODEN = {ADMTA4},
   MRCLASS = {11B13 (05D05)},
  MRNUMBER = {2538014 (2010h:11014)},
MRREVIEWER = {Min Tang},
       DOI = {10.1016/j.aim.2009.04.006},
       URL = {http://dx.doi.org/10.1016/j.aim.2009.04.006},
}

@incollection {ruzsa,
    AUTHOR = {Ruzsa, Imre Z.},
     TITLE = {Sumsets and structure},
 BOOKTITLE = {Combinatorial number theory and additive group theory},
    SERIES = {Adv. Courses Math. CRM Barcelona},
     PAGES = {87--210},
 PUBLISHER = {Birkh\"auser Verlag, Basel},
      YEAR = {2009},
   MRCLASS = {11B13 (11P70 20K99)},
  MRNUMBER = {2522038 (2010m:11013)},
MRREVIEWER = {Fran{\c{c}}ois Hennecart},
       DOI = {10.1007/978-3-7643-8962-8},
       URL = {http://dx.doi.org/10.1007/978-3-7643-8962-8},
}

@article {kollar,
    AUTHOR = {Koll{\'a}r, J{\'a}nos},
     TITLE = {Szemer\'edi-{T}rotter-type theorems in dimension 3},
   JOURNAL = {Adv. Math.},
  FJOURNAL = {Advances in Mathematics},
    VOLUME = {271},
      YEAR = {2015},
     PAGES = {30--61},
      ISSN = {0001-8708},
   MRCLASS = {52C10 (51E20)},
  MRNUMBER = {3291856},
       DOI = {10.1016/j.aim.2014.11.014},
       URL = {http://dx.doi.org/10.1016/j.aim.2014.11.014},
}

@article {slight,
    AUTHOR = {Katz, Nets Hawk and Shen, Chun-Yen},
     TITLE = {A slight improvement to {G}araev's sum product estimate},
   JOURNAL = {Proc. Amer. Math. Soc.},
  FJOURNAL = {Proceedings of the American Mathematical Society},
    VOLUME = {136},
      YEAR = {2008},
    NUMBER = {7},
     PAGES = {2499--2504},
      ISSN = {0002-9939},
     CODEN = {PAMYAR},
   MRCLASS = {11B13},
  MRNUMBER = {2390519 (2009d:11016)},
MRREVIEWER = {Ben Joseph Green},
       DOI = {10.1090/S0002-9939-08-09385-4},
       URL = {http://dx.doi.org/10.1090/S0002-9939-08-09385-4},
}

@article {garaev,
    AUTHOR = {Garaev, M. Z.},
     TITLE = {An explicit sum-product estimate in {$\Bbb F_p$}},
   JOURNAL = {Int. Math. Res. Not. IMRN},
  FJOURNAL = {International Mathematics Research Notices. IMRN},
      YEAR = {2007},
    NUMBER = {11},
     PAGES = {Art. ID rnm035, 11},
      ISSN = {1073-7928},
   MRCLASS = {11B75},
  MRNUMBER = {2344270 (2008g:11038)},
MRREVIEWER = {Mei Chu Chang},
}

@article {complex,
    AUTHOR = {Konyagin, Sergei V. and Rudnev, Misha},
     TITLE = {On new sum-product-type estimates},
   JOURNAL = {SIAM J. Discrete Math.},
  FJOURNAL = {SIAM Journal on Discrete Mathematics},
    VOLUME = {27},
      YEAR = {2013},
    NUMBER = {2},
     PAGES = {973--990},
      ISSN = {0895-4801},
   MRCLASS = {68R05 (11B30)},
  MRNUMBER = {3056747},
       DOI = {10.1137/120886418},
       URL = {http://dx.doi.org/10.1137/120886418},
}

@article {big-garaev,
    AUTHOR = {Garaev, M. Z.},
     TITLE = {The sum-product estimate for large subsets of prime fields},
   JOURNAL = {Proc. Amer. Math. Soc.},
  FJOURNAL = {Proceedings of the American Mathematical Society},
    VOLUME = {136},
      YEAR = {2008},
    NUMBER = {8},
     PAGES = {2735--2739},
      ISSN = {0002-9939},
     CODEN = {PAMYAR},
   MRCLASS = {11B75 (11T23)},
  MRNUMBER = {2399035 (2009e:11043)},
MRREVIEWER = {Mei Chu Chang},
       DOI = {10.1090/S0002-9939-08-09386-6},
       URL = {http://dx.doi.org/10.1090/S0002-9939-08-09386-6},
}


@ARTICLE{point-plane,
   author = {{Rudnev}, M.},
    title = "{On the number of incidences between planes and points in three dimensions}",
  journal = {ArXiv e-prints},
archivePrefix = "arXiv",
   eprint = {1407.0426},
 primaryClass = "math.CO",
 keywords = {Mathematics - Combinatorics, 68R05, 11B75},
     year = 2014,
    month = jul,
   adsurl = {http://adsabs.harvard.edu/abs/2014arXiv1407.0426R},
  adsnote = {Provided by the SAO/NASA Astrophysics Data System}
}

@ARTICLE{point-plane-app,
   author = {{Roche-Newton}, O. and {Rudnev}, M. and {Shkredov}, I.~D.},
    title = "{New sum-product type estimates over finite fields}",
  journal = {ArXiv e-prints},
archivePrefix = "arXiv",
   eprint = {1408.0542},
 primaryClass = "math.CO",
 keywords = {Mathematics - Combinatorics, 68R05, 11B75},
     year = 2014,
    month = aug,
   adsurl = {http://adsabs.harvard.edu/abs/2014arXiv1408.0542R},
  adsnote = {Provided by the SAO/NASA Astrophysics Data System}
}

@article {petridis,
    AUTHOR = {Petridis, Giorgis},
     TITLE = {New proofs of {P}l\"unnecke-type estimates for product sets in
              groups},
   JOURNAL = {Combinatorica},
  FJOURNAL = {Combinatorica. An International Journal on Combinatorics and
              the Theory of Computing},
    VOLUME = {32},
      YEAR = {2012},
    NUMBER = {6},
     PAGES = {721--733},
      ISSN = {0209-9683},
   MRCLASS = {11P70 (11B30)},
  MRNUMBER = {3063158},
MRREVIEWER = {Olof Sisask},
       DOI = {10.1007/s00493-012-2818-5},
       URL = {http://dx.doi.org/10.1007/s00493-012-2818-5},
}

@article{schoen,
  title={New bounds in {B}alog-{S}zemer{\'e}di-{G}owers theorem},
  author={Schoen, Tomasz},
  journal={Combinatorica},
  pages={1--7},
  publisher={Springer}
}

@article {tao,
    AUTHOR = {Tao, Terence},
     TITLE = {The sum-product phenomenon in arbitrary rings},
   JOURNAL = {Contrib. Discrete Math.},
  FJOURNAL = {Contributions to Discrete Mathematics},
    VOLUME = {4},
      YEAR = {2009},
    NUMBER = {2},
     PAGES = {59--82},
      ISSN = {1715-0868},
   MRCLASS = {11B30 (11B75 16B99)},
  MRNUMBER = {2592424 (2011a:11020)},
MRREVIEWER = {Nikolai Volodin},
}

@article {bourgain-arbitrary,
    AUTHOR = {Bourgain, J.},
     TITLE = {Exponential sum estimates over subgroups of {${\Bbb Z}^*_q$}, {$q$} arbitrary},
   JOURNAL = {J. Anal. Math.},
  FJOURNAL = {Journal d'Analyse Math\'ematique},
    VOLUME = {97},
      YEAR = {2005},
     PAGES = {317--355},
      ISSN = {0021-7670},
     CODEN = {JOAMAV},
   MRCLASS = {11L07},
  MRNUMBER = {2274981 (2007j:11103)},
MRREVIEWER = {Ben Joseph Green},
       DOI = {10.1007/BF02807410},
       URL = {http://dx.doi.org/10.1007/BF02807410},
}

@article{mystic,
     jstor_articletype = {research-article},
     title = {Octagrammum Mysticum and the Golden Cross-Ratio},
     author = {Evans, Lawrence S. and Rigby, John F.},
     journal = {The Mathematical Gazette},
     jstor_issuetitle = {},
     volume = {86},
     number = {505},
     jstor_formatteddate = {Mar., 2002},
     pages = {pp. 35-43},
     url = {http://www.jstor.org/stable/3621571},
     ISSN = {00255572},
     abstract = {},
     language = {English},
     year = {2002},
     publisher = {The Mathematical Association},
     copyright = {Copyright Â© 2002 The Mathematical Association},
}

@book {geo,
    AUTHOR = {Coxeter, H. S. M. and Greitzer, S. L.},
     TITLE = {Geometry revisited},
    SERIES = {New Mathematical Library},
    VOLUME = {19},
 PUBLISHER = {Random House, Inc., New York},
      YEAR = {1967},
     PAGES = {xiv+193},
      ISBN = {[0-394-70919-5]},
   MRCLASS = {51-01},
  MRNUMBER = {3155265},
}

@article {chahal-manin,
    AUTHOR = {Chahal, Jasbir S.},
     TITLE = {Manin's proof of the {H}asse inequality revisited},
   JOURNAL = {Nieuw Arch. Wisk. (4)},
  FJOURNAL = {Nieuw Archief voor Wiskunde. Vierde Serie},
    VOLUME = {13},
      YEAR = {1995},
    NUMBER = {2},
     PAGES = {219--232},
      ISSN = {0028-9825},
     CODEN = {NAWIA7},
   MRCLASS = {11G20 (14G15)},
  MRNUMBER = {1345573 (96d:11073)},
MRREVIEWER = {Philippe Satg{\'e}},
}

@article {chahal-supplement,
    AUTHOR = {Chahal, Jasbir S. and Soomro, Afzal and Top, Jaap},
     TITLE = {A supplement to {M}anin's proof of the {H}asse inequality},
   JOURNAL = {Rocky Mountain J. Math.},
  FJOURNAL = {The Rocky Mountain Journal of Mathematics},
    VOLUME = {44},
      YEAR = {2014},
    NUMBER = {5},
     PAGES = {1457--1470},
      ISSN = {0035-7596},
   MRCLASS = {11G20},
  MRNUMBER = {3295638},
MRREVIEWER = {Daniel Sadornil},
       DOI = {10.1216/RMJ-2014-44-5-1457},
       URL = {http://dx.doi.org/10.1216/RMJ-2014-44-5-1457},
}

@article {binomial,
    AUTHOR = {Hudson, Richard H. and Williams, Kenneth S.},
     TITLE = {Binomial coefficients and {J}acobi sums},
   JOURNAL = {Trans. Amer. Math. Soc.},
  FJOURNAL = {Transactions of the American Mathematical Society},
    VOLUME = {281},
      YEAR = {1984},
    NUMBER = {2},
     PAGES = {431--505},
      ISSN = {0002-9947},
     CODEN = {TAMTAM},
   MRCLASS = {11T21 (05A10 11A07 11B65)},
  MRNUMBER = {722761 (85m:11092)},
MRREVIEWER = {Bruce C. Berndt},
       DOI = {10.2307/2000071},
       URL = {http://dx.doi.org/10.2307/2000071},
}

@article {weil,
    AUTHOR = {Weil, Andr{\'e}},
     TITLE = {Numbers of solutions of equations in finite fields},
   JOURNAL = {Bull. Amer. Math. Soc.},
  FJOURNAL = {Bulletin of the American Mathematical Society},
    VOLUME = {55},
      YEAR = {1949},
     PAGES = {497--508},
      ISSN = {0002-9904},
   MRCLASS = {10.0X},
  MRNUMBER = {0029393},
MRREVIEWER = {L. Carlitz},
}

@book{schoof,
  title={Algebraic curves and coding theory},
  author={Schoof, Ren{\'e}},
  year={1990},
  publisher={Dipartamento di matematica. Universit{\`a} degli studi di Trento}
}

@article {dwork,
    AUTHOR = {Dwork, Bernard},
     TITLE = {On the rationality of the zeta function of an algebraic
              variety},
   JOURNAL = {Amer. J. Math.},
  FJOURNAL = {American Journal of Mathematics},
    VOLUME = {82},
      YEAR = {1960},
     PAGES = {631--648},
      ISSN = {0002-9327},
   MRCLASS = {14.48},
  MRNUMBER = {0140494},
MRREVIEWER = {M. Deuring},
}

@book {local-fields,
    AUTHOR = {Cassels, J. W. S.},
     TITLE = {Local fields},
    SERIES = {London Mathematical Society Student Texts},
    VOLUME = {3},
 PUBLISHER = {Cambridge University Press, Cambridge},
      YEAR = {1986},
     PAGES = {xiv+360},
      ISBN = {0-521-30484-9; 0-521-31525-5},
   MRCLASS = {11Sxx (11D88 11E95 11F85 14G20)},
  MRNUMBER = {861410},
MRREVIEWER = {R. A. Mollin},
       DOI = {10.1017/CBO9781139171885},
       URL = {http://dx.doi.org/10.1017/CBO9781139171885},
}

@article {weil-i,
    AUTHOR = {Deligne, Pierre},
     TITLE = {La conjecture de {W}eil. {I}},
   JOURNAL = {Inst. Hautes \'Etudes Sci. Publ. Math.},
  FJOURNAL = {Institut des Hautes \'Etudes Scientifiques. Publications
              Math\'ematiques},
    NUMBER = {43},
      YEAR = {1974},
     PAGES = {273--307},
      ISSN = {0073-8301},
   MRCLASS = {14G13},
  MRNUMBER = {0340258},
MRREVIEWER = {Nicholas M. Katz},
       URL = {http://www.numdam.org/item?id=PMIHES_1974__43__273_0},
}

@book {bump,
    AUTHOR = {Bump, Daniel},
     TITLE = {Automorphic forms and representations},
    SERIES = {Cambridge Studies in Advanced Mathematics},
    VOLUME = {55},
 PUBLISHER = {Cambridge University Press, Cambridge},
      YEAR = {1997},
     PAGES = {xiv+574},
      ISBN = {0-521-55098-X},
   MRCLASS = {11F70 (11F41 11R39 22E50 22E55)},
  MRNUMBER = {1431508 (97k:11080)},
MRREVIEWER = {Solomon Friedberg},
       DOI = {10.1017/CBO9780511609572},
       URL = {http://dx.doi.org/10.1017/CBO9780511609572},
}

@book {gelbart,
    AUTHOR = {Gelbart, Stephen S.},
     TITLE = {Automorphic forms on ad\`ele groups},
      NOTE = {Annals of Mathematics Studies, No. 83},
 PUBLISHER = {Princeton University Press, Princeton, N.J.; University of
              Tokyo Press, Tokyo},
      YEAR = {1975},
     PAGES = {x+267},
   MRCLASS = {10D05 (10D15 22E55)},
  MRNUMBER = {0379375 (52 \#280)},
MRREVIEWER = {J. G. Arthur},
}

@article{barto,
author = {Barto, Libor}, 
title = {The collapse of the bounded width hierarchy},
year = {2014}, 
doi = {10.1093/logcom/exu070}, 
abstract ={We show that every constraint satisfaction problem (CSP) over a fixed constraint language that has bounded relational width has also relational width (2,3). Together with known results this gives a trichotomy: a CSP has either relational width 1, or relational width (2,3) (and no smaller relational width), or does not have bounded relational width.A consequence of this result is that if Î is a finite constraint language containing relations of arity at most k, then the CSP over Î either cannot be solved by a Datalog program, or can be solved by a Datalog program consisting of rules with at most max{3,k} variables and at most 2 variables in the head.}, 
URL = {http://logcom.oxfordjournals.org/content/early/2014/11/22/logcom.exu070.abstract}, 
eprint = {http://logcom.oxfordjournals.org/content/early/2014/11/22/logcom.exu070.full.pdf+html}, 
journal = {Journal of Logic and Computation} 
}

@article{arc,
author = {Chen, Hubie and Dalmau, Victor and GruÃien, Berit}, 
title = {Arc consistency and friends},
volume = {23}, 
number = {1}, 
pages = {87-108}, 
year = {2013}, 
doi = {10.1093/logcom/exr039}, 
abstract ={A natural and established way to restrict the constraint satisfaction problem is to fix the relations that can be used to pose constraints; such a family of relations is called a constraint language. In this article, we study arc consistency, a heavily investigated inference method, and three extensions thereof from the perspective of constraint languages. We conduct a comparison of the studied methods on the basis of which constraint languages they solve, and we present new polynomial-time tractability results for singleton arc consistency, the most powerful method studied.}, 
URL = {http://logcom.oxfordjournals.org/content/23/1/87.abstract}, 
eprint = {http://logcom.oxfordjournals.org/content/23/1/87.full.pdf+html}, 
journal = {Journal of Logic and Computation} 
}

@inproceedings{sdp,
 author = {Barto, Libor and Kozik, Marcin},
 title = {Robust Satisfiability of Constraint Satisfaction Problems},
 booktitle = {Proceedings of the Forty-fourth Annual ACM Symposium on Theory of Computing},
 series = {STOC '12},
 year = {2012},
 isbn = {978-1-4503-1245-5},
 location = {New York, New York, USA},
 pages = {931--940},
 numpages = {10},
 url = {http://doi.acm.org/10.1145/2213977.2214061},
 doi = {10.1145/2213977.2214061},
 acmid = {2214061},
 publisher = {ACM},
 address = {New York, NY, USA},
 keywords = {approximation, bounded width, constraint satisfaction problem, robust satisfiability, universal algebra},
}

@article{colored-graph,
  author    = {Andrei A. Bulatov},
  title     = {Graphs of finite algebras, edges, and connectivity},
  journal   = {CoRR},
  volume    = {abs/1601.07403},
  year      = {2016},
  url       = {http://arxiv.org/abs/1601.07403},
  timestamp = {Mon, 01 Feb 2016 15:36:05 +0100},
  biburl    = {http://dblp.uni-trier.de/rec/bib/journals/corr/Bulatov16},
  bibsource = {dblp computer science bibliography, http://dblp.org}
}

@article {cyclic,
    AUTHOR = {Barto, Libor and Kozik, Marcin},
     TITLE = {Absorbing subalgebras, cyclic terms, and the constraint
              satisfaction problem},
   JOURNAL = {Log. Methods Comput. Sci.},
  FJOURNAL = {Logical Methods in Computer Science},
    VOLUME = {8},
      YEAR = {2012},
    NUMBER = {1},
     PAGES = {1:07, 27},
      ISSN = {1860-5974},
   MRCLASS = {68Q17 (08A70)},
  MRNUMBER = {2893395},
       DOI = {10.2168/LMCS-8(1:7)2012},
       URL = {http://dx.doi.org/10.2168/LMCS-8(1:7)2012},
}

@article{bulatov-bounded,
  title={Bounded relational width},
  author={Bulatov, Andrei A.},
  journal={manuscript. \url{http://www.cs.sfu.ca/~abulatov/papers/relwidth.pdf}},
  year={2009},
  publisher={Citeseer}
}

@article {ability-to-count,
    AUTHOR = {Larose, Benoit and Valeriote, Matt and Z{\'a}dori,
              L{\'a}szl{\'o}},
     TITLE = {Omitting types, bounded width and the ability to count},
   JOURNAL = {Internat. J. Algebra Comput.},
  FJOURNAL = {International Journal of Algebra and Computation},
    VOLUME = {19},
      YEAR = {2009},
    NUMBER = {5},
     PAGES = {647--668},
      ISSN = {0218-1967},
   MRCLASS = {68Q25 (08B05)},
  MRNUMBER = {2547062},
MRREVIEWER = {David Stanovsk{\'y}},
       DOI = {10.1142/S021819670900524X},
       URL = {http://dx.doi.org/10.1142/S021819670900524X},
}

@book {hobby-mckenzie,
    AUTHOR = {Hobby, David and McKenzie, Ralph},
     TITLE = {The structure of finite algebras},
    SERIES = {Contemporary Mathematics},
    VOLUME = {76},
 PUBLISHER = {American Mathematical Society, Providence, RI},
      YEAR = {1988},
     PAGES = {xii+203},
      ISBN = {0-8218-5073-3},
   MRCLASS = {08A05 (03C05 08-02 08B05)},
  MRNUMBER = {958685},
MRREVIEWER = {Joel Berman},
       DOI = {10.1090/conm/076},
       URL = {http://dx.doi.org/10.1090/conm/076},
}

@article {local-consistency,
    AUTHOR = {Barto, Libor and Kozik, Marcin},
     TITLE = {Constraint satisfaction problems solvable by local consistency
              methods},
   JOURNAL = {J. ACM},
  FJOURNAL = {Journal of the ACM},
    VOLUME = {61},
      YEAR = {2014},
    NUMBER = {1},
     PAGES = {Art. 3, 19},
      ISSN = {0004-5411},
   MRCLASS = {68Q25 (68T20)},
  MRNUMBER = {3167919},
MRREVIEWER = {Dejan Deli{\'c}},
       DOI = {10.1145/2556646},
       URL = {http://dx.doi.org/10.1145/2556646},
}

@article {weak-near-unanimity,
    AUTHOR = {Mar{\'o}ti, Mikl{\'o}s and McKenzie, Ralph},
     TITLE = {Existence theorems for weakly symmetric operations},
   JOURNAL = {Algebra Universalis},
  FJOURNAL = {Algebra Universalis},
    VOLUME = {59},
      YEAR = {2008},
    NUMBER = {3-4},
     PAGES = {463--489},
      ISSN = {0002-5240},
   MRCLASS = {08B05 (08A70)},
  MRNUMBER = {2470592},
MRREVIEWER = {James B. Nation},
       DOI = {10.1007/s00012-008-2122-9},
       URL = {http://dx.doi.org/10.1007/s00012-008-2122-9},
}

@article {maltsev,
    AUTHOR = {Kozik, Marcin and Krokhin, Andrei and Valeriote, Matt and
              Willard, Ross},
     TITLE = {Characterizations of several {M}altsev conditions},
   JOURNAL = {Algebra Universalis},
  FJOURNAL = {Algebra Universalis},
    VOLUME = {73},
      YEAR = {2015},
    NUMBER = {3-4},
     PAGES = {205--224},
      ISSN = {0002-5240},
   MRCLASS = {08B05 (08A70 08B10)},
  MRNUMBER = {3350327},
MRREVIEWER = {David Hobby},
       DOI = {10.1007/s00012-015-0327-2},
       URL = {http://dx.doi.org/10.1007/s00012-015-0327-2},
}

@article {2-semilattice,
    AUTHOR = {Bulatov, Andrei A.},
     TITLE = {Combinatorial problems raised from 2-semilattices},
   JOURNAL = {J. Algebra},
  FJOURNAL = {Journal of Algebra},
    VOLUME = {298},
      YEAR = {2006},
    NUMBER = {2},
     PAGES = {321--339},
      ISSN = {0021-8693},
     CODEN = {JALGA4},
   MRCLASS = {68T20 (06A07 06A12)},
  MRNUMBER = {2217618},
       DOI = {10.1016/j.jalgebra.2004.07.044},
       URL = {http://dx.doi.org/10.1016/j.jalgebra.2004.07.044},
}

@incollection {kearnes-simple,
    AUTHOR = {Kearnes, Keith A.},
     TITLE = {Idempotent simple algebras},
 BOOKTITLE = {Logic and algebra ({P}ontignano, 1994)},
    SERIES = {Lecture Notes in Pure and Appl. Math.},
    VOLUME = {180},
     PAGES = {529--572},
 PUBLISHER = {Dekker, New York},
      YEAR = {1996},
   MRCLASS = {08B05 (06F25 08A05 08A30)},
  MRNUMBER = {1404955},
MRREVIEWER = {E. W. Kiss},
}

@Article{optimal-maltsev,
author="Jovanovi{\'{c}}, Jelena
and Markovi{\'{c}}, Petar
and McKenzie, Ralph
and Moore, Matthew",
title="Optimal strong Mal'cev conditions for congruence meet-semidistributivity in locally finite varieties",
journal="Algebra universalis",
year="2016",
pages="1--21",
abstract="Locally finite, congruence meet-semidistributive varieties have been characterized by numerous Mal'cev conditions and, recently, by two strong Mal'cev conditions. We provide three new strong Mal'cev characterizations and a new Mal'cev characterization each of which improves the known ones in some way.",
issn="1420-8911",
doi="10.1007/s00012-016-0406-z",
url="http://dx.doi.org/10.1007/s00012-016-0406-z"
}

@article{slac,
  author    = {Marcin Kozik},
  title     = {Weaker consistency notions for all the {CSP}s of bounded width},
  journal   = {CoRR},
  volume    = {abs/1605.00565},
  year      = {2016},
  url       = {http://arxiv.org/abs/1605.00565},
  timestamp = {Wed, 01 Jun 2016 15:51:08 +0200},
  biburl    = {http://dblp.uni-trier.de/rec/bib/journals/corr/Kozik16},
  bibsource = {dblp computer science bibliography, http://dblp.org}
}

@article {optimal-taylor,
    AUTHOR = {Kearnes, Keith and Markovi{\'c}, Petar and McKenzie, Ralph},
     TITLE = {Optimal strong {M}al'cev conditions for omitting type 1 in
              locally finite varieties},
   JOURNAL = {Algebra Universalis},
  FJOURNAL = {Algebra Universalis},
    VOLUME = {72},
      YEAR = {2014},
    NUMBER = {1},
     PAGES = {91--100},
      ISSN = {0002-5240},
   MRCLASS = {08B05},
  MRNUMBER = {3229955},
MRREVIEWER = {Ewa Graczy{\'n}ska},
       DOI = {10.1007/s00012-014-0289-9},
       URL = {http://dx.doi.org/10.1007/s00012-014-0289-9},
}

@article {baker-pixley,
    AUTHOR = {Baker, Kirby A. and Pixley, Alden F.},
     TITLE = {Polynomial interpolation and the {C}hinese remainder theorem
              for algebraic systems},
   JOURNAL = {Math. Z.},
  FJOURNAL = {Mathematische Zeitschrift},
    VOLUME = {143},
      YEAR = {1975},
    NUMBER = {2},
     PAGES = {165--174},
      ISSN = {0025-5874},
   MRCLASS = {08A25},
  MRNUMBER = {0371782},
MRREVIEWER = {M. Gould},
}

@article{hasse-eyebrows,
    AUTHOR = {K{\v r}\'\i{\v z}, Igor and Ne{\v s}et{\v r}il, Jaroslav},
     TITLE = {Chromatic number of {H}asse diagrams, eyebrows and dimension},
   JOURNAL = {Order},
  FJOURNAL = {Order. A Journal on the Theory of Ordered Sets and its
              Applications},
    VOLUME = {8},
      YEAR = {1991},
    NUMBER = {1},
     PAGES = {41--48},
      ISSN = {0167-8094},
   MRCLASS = {05C15 (06A07)},
  MRNUMBER = {1129613},
MRREVIEWER = {Michael O. Albertson},
       DOI = {10.1007/BF00385813},
       URL = {https://doi.org/10.1007/BF00385813},
}

@article{blanche,
  title={A three colour problem},
  author={Descartes, Blanche},
  journal={Eureka},
  volume={9},
  number={21},
  pages={24--25},
  year={1947}
}

@Article{coloring-lattices,
    AUTHOR = {Bollob\'as, B\'ela},
     TITLE = {Colouring lattices},
   JOURNAL = {Algebra Universalis},
  FJOURNAL = {Algebra Universalis},
    VOLUME = {7},
      YEAR = {1977},
    NUMBER = {3},
     PAGES = {313--314},
      ISSN = {0002-5240},
   MRCLASS = {05C15 (06A20)},
  MRNUMBER = {0505730},
MRREVIEWER = {Curtis Greene},
       DOI = {10.1007/BF02485441},
       URL = {https://doi.org/10.1007/BF02485441},
}

@Article{ramsey-lattices,
    AUTHOR = {Ne{\v s}et{\v r}il, Jaroslav and R\"odl, Vojt{\v e}ch},
     TITLE = {Combinatorial partitions of finite posets and
              lattices---{R}amsey lattices},
   JOURNAL = {Algebra Universalis},
  FJOURNAL = {Algebra Universalis},
    VOLUME = {19},
      YEAR = {1984},
    NUMBER = {1},
     PAGES = {106--119},
      ISSN = {0002-5240},
   MRCLASS = {05A17 (06B99 06D99)},
  MRNUMBER = {748915},
MRREVIEWER = {R. P. Dilworth},
       DOI = {10.1007/BF01191498},
       URL = {https://doi.org/10.1007/BF01191498},
}

@article {all-those-ramsey,
  title={All those {R}amsey classes ({R}amsey classes with closures and forbidden homomorphisms)},
  author={Hubi{\v{c}}ka, Jan and Ne{\v{s}}et{\v{r}}il, Jaroslav},
  journal={arXiv preprint arXiv:1606.07979},
  year={2016}
}

@article{proper-interval-algorithmic,
    AUTHOR = {Gardi, Fr\'ed\'eric},
     TITLE = {The {R}oberts characterization of proper and unit interval
              graphs},
   JOURNAL = {Discrete Math.},
  FJOURNAL = {Discrete Mathematics},
    VOLUME = {307},
      YEAR = {2007},
    NUMBER = {22},
     PAGES = {2906--2908},
      ISSN = {0012-365X},
   MRCLASS = {05C62},
  MRNUMBER = {2364171},
       DOI = {10.1016/j.disc.2006.04.043},
       URL = {https://doi.org/10.1016/j.disc.2006.04.043},
}

@incollection {indifference-graphs,
    AUTHOR = {Roberts, Fred S.},
     TITLE = {Indifference graphs},
 BOOKTITLE = {Proof {T}echniques in {G}raph {T}heory ({P}roc. {S}econd {A}nn
              {A}rbor {G}raph {T}heory {C}onf., {A}nn {A}rbor, {M}ich.,
              1968)},
     PAGES = {139--146},
 PUBLISHER = {Academic Press, New York},
      YEAR = {1969},
   MRCLASS = {05.40},
  MRNUMBER = {0252267},
MRREVIEWER = {A. J. Hoffman},
}

@article{scaling-shortest-path,
  title={Scaling algorithms for the shortest paths problem},
  author={Goldberg, Andrew V},
  journal={SIAM Journal on Computing},
  volume={24},
  number={3},
  pages={494--504},
  year={1995},
  publisher={SIAM}
}

@article{smooth-digraph-dichotomy,
  title={The {CSP} dichotomy holds for digraphs with no sources and no sinks (a positive answer to a conjecture of {B}ang-{J}ensen and {H}ell)},
  author={Barto, Libor and Kozik, Marcin and Niven, Todd},
  journal={SIAM Journal on Computing},
  volume={38},
  number={5},
  pages={1782--1802},
  year={2009},
  publisher={SIAM}
}

@article{hasse-explicit,
title = "Constructing colorings for diagrams",
journal = "Discrete Applied Mathematics",
volume = "51",
number = "1",
pages = "85 - 93",
year = "1994",
issn = "0166-218X",
doi = "https://doi.org/10.1016/0166-218X(94)90096-5",
url = "http://www.sciencedirect.com/science/article/pii/0166218X94900965",
author = "Stefan Felsner and Jens Gustedt and Michel Morvan and Jean-Xavier Rampon"
}

@incollection {five-types,
    AUTHOR = {Rosenberg, I. G.},
     TITLE = {Minimal clones. {I}. {T}he five types},
 BOOKTITLE = {Lectures in universal algebra ({S}zeged, 1983)},
    SERIES = {Colloq. Math. Soc. J\'anos Bolyai},
    VOLUME = {43},
     PAGES = {405--427},
 PUBLISHER = {North-Holland, Amsterdam},
      YEAR = {1986},
   MRCLASS = {08A40},
  MRNUMBER = {860275},
MRREVIEWER = {\'Agnes Szendrei},
}

@article {minimal-clones-weakly-abelian,
    AUTHOR = {Waldhauser, Tam\'as},
     TITLE = {Minimal clones with weakly abelian representations},
   JOURNAL = {Acta Sci. Math. (Szeged)},
  FJOURNAL = {Acta Universitatis Szegediensis. Acta Scientiarum
              Mathematicarum},
    VOLUME = {69},
      YEAR = {2003},
    NUMBER = {3-4},
     PAGES = {505--521},
      ISSN = {0001-6969},
   MRCLASS = {08A40 (20N02)},
  MRNUMBER = {2034190},
MRREVIEWER = {Keith A. Kearnes},
}

@article {minimal-clones-abelian,
    AUTHOR = {Kearnes, Keith A.},
     TITLE = {Minimal clones with abelian representations},
   JOURNAL = {Acta Sci. Math. (Szeged)},
  FJOURNAL = {Acta Universitatis Szegediensis. Acta Scientiarum
              Mathematicarum},
    VOLUME = {61},
      YEAR = {1995},
    NUMBER = {1-4},
     PAGES = {59--76},
      ISSN = {0001-6969},
   MRCLASS = {08A40 (08B10)},
  MRNUMBER = {1377351},
MRREVIEWER = {\'Agnes Szendrei},
}

@article {minimal-clones-binary-few,
    AUTHOR = {L\'evai, L. and P\'alfy, P. P.},
     TITLE = {On binary minimal clones},
   JOURNAL = {Acta Cybernet.},
  FJOURNAL = {Acta Cybernetica},
    VOLUME = {12},
      YEAR = {1996},
    NUMBER = {3},
     PAGES = {279--294},
      ISSN = {0324-721X},
   MRCLASS = {08A40 (03B50)},
  MRNUMBER = {1428739},
MRREVIEWER = {Andre\u\i  A. Krokhin},
}

@article {minimal-clones-entropic,
    AUTHOR = {Kearnes, Keith A. and Szendrei, \'Agnes},
     TITLE = {The classification of commutative minimal clones},
      NOTE = {Modes, modals, related structures and applications (Warsaw,
              1997)},
   JOURNAL = {Discuss. Math. Algebra Stochastic Methods},
  FJOURNAL = {Discussiones Mathematicae. Algebra and Stochastic Methods},
    VOLUME = {19},
      YEAR = {1999},
    NUMBER = {1},
     PAGES = {147--178},
      ISSN = {1234-3080},
   MRCLASS = {08A40},
  MRNUMBER = {1709966},
MRREVIEWER = {Anna Romanowska},
}

@article {minimal-clones-minicourse,
    AUTHOR = {Cs\'ak\'any, B\'ela},
     TITLE = {Minimal clones---a minicourse},
   JOURNAL = {Algebra Universalis},
  FJOURNAL = {Algebra Universalis},
    VOLUME = {54},
      YEAR = {2005},
    NUMBER = {1},
     PAGES = {73--89},
      ISSN = {0002-5240},
   MRCLASS = {08A40 (08A02 08A05 08A62)},
  MRNUMBER = {2217965},
       DOI = {10.1007/s00012-005-1924-2},
       URL = {https://doi.org/10.1007/s00012-005-1924-2},
}

@article {minimal-clones-survey,
    AUTHOR = {Quackenbush, Robert W.},
     TITLE = {A survey of minimal clones},
   JOURNAL = {Aequationes Math.},
  FJOURNAL = {Aequationes Mathematicae},
    VOLUME = {50},
      YEAR = {1995},
    NUMBER = {1-2},
     PAGES = {3--16},
      ISSN = {0001-9054},
   MRCLASS = {08A40 (08B05)},
  MRNUMBER = {1336859},
MRREVIEWER = {\'Agnes Szendrei},
       DOI = {10.1007/BF01831110},
       URL = {https://doi.org/10.1007/BF01831110},
}

@phdthesis{minimal-clones-waldhauser,
  title={Minimal clones},
  author={Waldhauser, Tam{\'a}s},
  year={2007},
  school={szte}
}

@article {minimal-majority-many-terms,
    AUTHOR = {Behrisch, Mike and Waldhauser, Tam\'as},
     TITLE = {Minimal clones with many majority operations},
   JOURNAL = {Acta Sci. Math. (Szeged)},
  FJOURNAL = {Acta Universitatis Szegediensis. Acta Scientiarum
              Mathematicarum},
    VOLUME = {77},
      YEAR = {2011},
    NUMBER = {3-4},
     PAGES = {389--402},
      ISSN = {0001-6969},
   MRCLASS = {08A40},
  MRNUMBER = {2906509},
MRREVIEWER = {Jovanka Pantovi\'c},
}

@article {minimal-majority-few-terms,
    AUTHOR = {Waldhauser, Tam\'as},
     TITLE = {Minimal clones with few majority operations},
   JOURNAL = {Acta Sci. Math. (Szeged)},
  FJOURNAL = {Acta Universitatis Szegediensis. Acta Scientiarum
              Mathematicarum},
    VOLUME = {73},
      YEAR = {2007},
    NUMBER = {3-4},
     PAGES = {471--486},
      ISSN = {0001-6969},
   MRCLASS = {08A40 (08B99)},
  MRNUMBER = {2380061},
MRREVIEWER = {Michael Pinsker},
}

@article {MR1801630,
    AUTHOR = {Waldhauser, Tam\'as},
     TITLE = {Minimal clones generated by majority operations},
   JOURNAL = {Algebra Universalis},
  FJOURNAL = {Algebra Universalis},
    VOLUME = {44},
      YEAR = {2000},
    NUMBER = {1-2},
     PAGES = {15--26},
      ISSN = {0002-5240},
   MRCLASS = {08A02 (08A05 08A40 08A62)},
  MRNUMBER = {1801630},
MRREVIEWER = {Jarom\'\i r Duda},
       DOI = {10.1007/s000120050167},
       URL = {https://doi.org/10.1007/s000120050167},
}

@article {MR2227629,
    AUTHOR = {Waldhauser, Tam\'as},
     TITLE = {Almost associative operations generating a minimal clone},
   JOURNAL = {Discuss. Math. Gen. Algebra Appl.},
  FJOURNAL = {Discussiones Mathematicae. General Algebra and Applications},
    VOLUME = {26},
      YEAR = {2006},
    NUMBER = {1},
     PAGES = {45--73},
      ISSN = {1509-9415},
   MRCLASS = {08A40 (20N02)},
  MRNUMBER = {2227629},
MRREVIEWER = {Vladimir S. Anashin},
       DOI = {10.7151/dmgaa.1104},
       URL = {https://doi.org/10.7151/dmgaa.1104},
}

@incollection {MR3447336,
    AUTHOR = {Machida, Hajime and Waldhauser, Tam\'as},
     TITLE = {Lazy clones and essentially minimal groupoids},
 BOOKTITLE = {2015 {IEEE} 45th {I}nternational {S}ymposium on
              {M}ultiple-{V}alued {L}ogic---{ISMVL} 2015},
     PAGES = {199--204},
 PUBLISHER = {IEEE Computer Soc., Los Alamitos, CA},
      YEAR = {2015},
   MRCLASS = {08A40 (08A05 08A62 20N02)},
  MRNUMBER = {3447336},
MRREVIEWER = {Jan Ga\l uszka},
}

@incollection {MR860255,
    AUTHOR = {Cs\'ak\'any, B.},
     TITLE = {On conservative minimal operations},
 BOOKTITLE = {Lectures in universal algebra ({S}zeged, 1983)},
    SERIES = {Colloq. Math. Soc. J\'anos Bolyai},
    VOLUME = {43},
     PAGES = {49--60},
 PUBLISHER = {North-Holland, Amsterdam},
      YEAR = {1986},
   MRCLASS = {08A40},
  MRNUMBER = {860255},
MRREVIEWER = {\'Agnes Szendrei},
}

@book {MR2695790,
    AUTHOR = {Szczepara, Bogdan},
     TITLE = {Minimal clones generated by groupoids},
      NOTE = {Thesis (Ph.D.)--Universite de Montreal (Canada)},
 PUBLISHER = {ProQuest LLC, Ann Arbor, MI},
      YEAR = {1996},
     PAGES = {225},
      ISBN = {978-0612-17265-4},
   MRCLASS = {Thesis},
  MRNUMBER = {2695790},
       URL =
              {http://gateway.proquest.com/openurl?url_ver=Z39.88-2004&rft_val_fmt=info:ofi/fmt:kev:mtx:dissertation&res_dat=xri:pqdiss&rft_dat=xri:pqdiss:NN17265},
}

@article {minimal-clones-conservative,
    AUTHOR = {Je\v zek, J. and Quackenbush, R.},
     TITLE = {Minimal clones of conservative functions},
   JOURNAL = {Internat. J. Algebra Comput.},
  FJOURNAL = {International Journal of Algebra and Computation},
    VOLUME = {5},
      YEAR = {1995},
    NUMBER = {6},
     PAGES = {615--630},
      ISSN = {0218-1967},
   MRCLASS = {08A40},
  MRNUMBER = {1365194},
MRREVIEWER = {V. N. Salij},
       DOI = {10.1142/S0218196795000240},
       URL = {https://doi.org/10.1142/S0218196795000240},
}

@article {MR725722,
    AUTHOR = {Cs\'ak\'any, B.},
     TITLE = {All minimal clones on the three-element set},
   JOURNAL = {Acta Cybernet.},
  FJOURNAL = {Acta Cybernetica},
    VOLUME = {6},
      YEAR = {1983},
    NUMBER = {3},
     PAGES = {227--238},
      ISSN = {0324-721X},
   MRCLASS = {08A40},
  MRNUMBER = {725722},
MRREVIEWER = {Joel Berman},
}

@article {MR708776,
    AUTHOR = {Cs\'ak\'any, B.},
     TITLE = {Three-element groupoids with minimal clones},
   JOURNAL = {Acta Sci. Math. (Szeged)},
  FJOURNAL = {Acta Universitatis Szegediensis. Acta Scientiarum
              Mathematicarum},
    VOLUME = {45},
      YEAR = {1983},
    NUMBER = {1-4},
     PAGES = {111--117},
      ISSN = {0001-6969},
   MRCLASS = {08A40},
  MRNUMBER = {708776},
MRREVIEWER = {I. G. Rosenberg},
}

@article {MR803288,
    AUTHOR = {P\l onka, J.},
     TITLE = {On {$k$}-cyclic groupoids},
   JOURNAL = {Math. Japon.},
  FJOURNAL = {Mathematica Japonica},
    VOLUME = {30},
      YEAR = {1985},
    NUMBER = {3},
     PAGES = {371--382},
      ISSN = {0025-5513},
   MRCLASS = {20L05 (20L10)},
  MRNUMBER = {803288},
MRREVIEWER = {Phullendu Das},
}

@book {etale,
    AUTHOR = {Tamme, G{\"u}nter},
     TITLE = {Introduction to \'etale cohomology},
    SERIES = {Universitext},
      NOTE = {Translated from the German by Manfred Kolster},
 PUBLISHER = {Springer-Verlag},
   ADDRESS = {Berlin},
      YEAR = {1994},
     PAGES = {x+186},
      ISBN = {3-540-57116-7},
   MRCLASS = {14F20},
  MRNUMBER = {1317816 (95k:14033)},
       DOI = {10.1007/978-3-642-78421-7},
       URL = {http://dx.doi.org/10.1007/978-3-642-78421-7},
}

@misc{stacks-project, 
  author       = {The {Stacks Project Authors}}, 
  title        = {{\itshape Stacks Project}}, 
  howpublished = {\url{http://stacks.math.columbia.edu}}, 
  year         = {2013},
}

@book {milne,
    AUTHOR = {Milne, James S.},
     TITLE = {\'{E}tale cohomology},
    SERIES = {Princeton Mathematical Series},
    VOLUME = {33},
 PUBLISHER = {Princeton University Press},
   ADDRESS = {Princeton, N.J.},
      YEAR = {1980},
     PAGES = {xiii+323},
      ISBN = {0-691-08238-3},
   MRCLASS = {14-02 (14F20 18F99)},
  MRNUMBER = {559531 (81j:14002)},
MRREVIEWER = {G. Horrocks},
}

@article{titkos,
  title={A simple proof of the Lebesgue decomposition theorem},
  author={Titkos, Tam{\'a}s},
  journal={The American Mathematical Monthly},
  volume={122},
  number={8},
  pages={793--794},
  year={2015},
  publisher={Taylor \& Francis}
}

