@book {etale,
    AUTHOR = {Tamme, G{\"u}nter},
     TITLE = {Introduction to \'etale cohomology},
    SERIES = {Universitext},
      NOTE = {Translated from the German by Manfred Kolster},
 PUBLISHER = {Springer-Verlag},
   ADDRESS = {Berlin},
      YEAR = {1994},
     PAGES = {x+186},
      ISBN = {3-540-57116-7},
   MRCLASS = {14F20},
  MRNUMBER = {1317816 (95k:14033)},
       DOI = {10.1007/978-3-642-78421-7},
       URL = {http://dx.doi.org/10.1007/978-3-642-78421-7},
}

@misc{stacks-project, 
  author       = {The {Stacks Project Authors}}, 
  title        = {{\itshape Stacks Project}}, 
  howpublished = {\url{http://stacks.math.columbia.edu}}, 
  year         = {2013},
}

@book {milne,
    AUTHOR = {Milne, James S.},
     TITLE = {\'{E}tale cohomology},
    SERIES = {Princeton Mathematical Series},
    VOLUME = {33},
 PUBLISHER = {Princeton University Press},
   ADDRESS = {Princeton, N.J.},
      YEAR = {1980},
     PAGES = {xiii+323},
      ISBN = {0-691-08238-3},
   MRCLASS = {14-02 (14F20 18F99)},
  MRNUMBER = {559531 (81j:14002)},
MRREVIEWER = {G. Horrocks},
}

